@Misc{GAIL,
OPTkey = {•},
author = {Sou-Cheng T. Choi and Yuhan Ding and Fred J. Hickernell and Lan Jiang and Lluis Antoni Jimenez Rugama and Da Li and Jagadeeswaran Rathinavel and Xin Tong and Kan Zhang and Yizhi Zhang and Xuan Zhou},
title = {GAIL: Guaranteed Automatic Integration Library (Version 2.2)},
howpublished = {\url{Available from http://gailgithub.github.io/GAIL_Dev/}},
OPTmonth = {•},
year = {2017},
OPTnote = {},
OPTannote = {•}
}

@InProceedings{toni,
author = {Lluis Antoni Jimenez Rugama and Fred J. Hickernell},
title = {"Adaptive   multidimensional integration based on rank-1 lattices,"},
booktitle = {Monte Carlo and Quasi-Monte Carlo  Methods: MCQMC},
OPTcrossref = {•},
OPTkey = {•},
pages = {407-422},
year = {2016},
editor = {R. Cools and D. Nuyens, eds.},
volume = {163},
OPTnumber = {•},
OPTseries = {•},
address = {Leuven, Belgium},
month = {April},
OPTorganization = {},
publisher = {Springer Proceedings in Mathematics and Statistics},
OPTnote = {•},
OPTannote = {•}
}
